<?xml version="1.0" encoding="UTF-8"?><collection xmlns="http://www.loc.gov/MARC21/slim"><record><leader>00362nam--2200121-i-4500</leader><controlfield tag="001">000027189</controlfield><controlfield tag="002">20161230</controlfield><controlfield tag="005">20161230201036</controlfield><controlfield tag="008">060222s1000------------r-----000-0-eng-d</controlfield><datafield ind1=" " ind2=" " tag="100"><subfield code="a">Kothari, D.S., Bhabha, H., Khanolkar, V.R</subfield></datafield><datafield ind1=" " ind2=" " tag="245"><subfield code="a">Wybuchy jadrowe</subfield></datafield><datafield ind1=" " ind2=" " tag="260"><subfield code="a">Waszawa, Osrodek Informacji Biura Do Spraw Wykorzystania Energii Jadrowej, 1961, 411p</subfield></datafield><datafield ind1=" " ind2=" " tag="852"><subfield code="a">7629</subfield></datafield></record></collection>